@misc{google,
title={Google},
url={https://www.google.com/},
urldate={2019-05-01}}

@misc{hpcauth,
title={HPC IT AUTH},
url={https://hpc.it.auth.gr/},
urldate={2019-05-01}}

@misc{tensorflow,
title={Tensorflow},
url={https://www.tensorflow.org/},
urldate={2019-05-01}}

@misc{keras,
title={Keras},
url={https://keras.io/},
urldate={2019-05-01}}




